@article{abcm012, 
    author = {Arnold, Douglas N. and Brezzi, Franco and Cockburn, Bernardo and Marini, L. Donatella}, 
    title = {Unified analysis of discontinuous Galerkin methods for ellipctic problems}, 
    journal = {SIAM J. Numer. Anal.},
    volume = {39},
    number={5},
    pages = {1749--1779},
    year = {2001/2}
}
@article{ckk02,
    author  = {Chou, So-Hsiang and Kwak, Do Y. and Kim, Kwang Y.},
    title   = {Flux recovery from primal hybrid finite element methods},
    journal = {SIAM J. Numer. Anal.},
    volume  = {40},
    number  = {2},
    pages   = {403--415},
    year    = {2002}
}
@article{c85,
    author  = {Bernardo Cockburn},
    title   = {}, 
    journal = {},
    volume  = {},
    number  = {},
    pages   = {},
    year    = {1985},
}
@article{cgl16,
    author  = {Cockburn, Bernardo and Gopalakrishnan, Jayadeep and Lazarov, Raytcho},
    title   = {Unified analysis of discontinuous Galerkin, mixed, and continuous Galerkin methods for second order elliptic problems},
    journal = {SIAM J. Numer. Anal.},
    volume  = {47},
    number  = {2}, 
    pages   = {1319--1365},
    year    = {2009}
}
